
@article{analyst_2022,
  title={Belief elicitation and behavioral incentive compatibility},
  author={Danz, David and Vesterlund, Lise and Wilson, Alistair J},
  journal={American Economic Review},
  volume={112},
  number={9},
  pages={2851--2883},
  year={2022},
  publisher={American Economic Association 2014 Broadway, Suite 305, Nashville, TN 37203}
}
