%This is your bibliography file.
%It can be edited with a text editor, or with the BibTeX editor.
%It is in a very specific format, so make changes carefully.

@article{adams2009,
  title={Women in the boardroom and their impact on governance and performance},
  author={Adams, Ren{\'e}e B and Ferreira, Daniel},
  journal={Journal of financial economics},
  volume={94},
  number={2},
  pages={291--309},
  year={2009},
  publisher={Elsevier}
}

@article{alesina2013,
  title={Do women pay more for credit? Evidence from Italy},
  author={Alesina, Alberto F and Lotti, Francesca and Mistrulli, Paolo Emilio},
  journal={Journal of the European Economic Association},
  volume={11},
  number={suppl\_1},
  pages={45--66},
  year={2013},
  publisher={Oxford University Press}
}

@article{ali2011,
  title={The gender diversity--performance relationship in services and manufacturing organizations},
  author={Ali, Muhammad and Kulik, Carol T and Metz, Isabel},
  journal={The International Journal of Human Resource Management},
  volume={22},
  number={07},
  pages={1464--1485},
  year={2011},
  publisher={Taylor \& Francis}
}

@article{alsan2019,
  title={Does diversity matter for health? Experimental evidence from Oakland},
  author={Alsan, Marcella and Garrick, Owen and Graziani, Grant},
  journal={American Economic Review},
  volume={109},
  number={12},
  pages={4071--4111},
  year={2019},
  publisher={American Economic Association 2014 Broadway, Suite 305, Nashville, TN 37203}
}

@article{beckman2007,
  title={Early teams: The impact of team demography on VC financing and going public},
  author={Beckman, Christine M and Burton, M Diane and O'Reilly, Charles},
  journal={Journal of business venturing},
  volume={22},
  number={2},
  pages={147--173},
  year={2007},
  publisher={Elsevier}
}

@article{bernstein2017,
  title={Attracting early-stage investors: Evidence from a randomized field experiment},
  author={Bernstein, Shai and Korteweg, Arthur and Laws, Kevin},
  journal={The Journal of Finance},
  volume={72},
  number={2},
  pages={509--538},
  year={2017},
  publisher={Wiley Online Library}
}

@article{bertrand2017,
  title={Field experiments on discrimination},
  author={Bertrand, Marianne and Duflo, Esther},
  journal={Handbook of economic field experiments},
  volume={1},
  pages={309--393},
  year={2017},
  publisher={Elsevier}
}

@article{brooks2014,
  title={Investors prefer entrepreneurial ventures pitched by attractive men},
  author={Brooks, Alison Wood and Huang, Laura and Kearney, Sarah Wood and Murray, Fiona E},
  journal={Proceedings of the National Academy of Sciences},
  volume={111},
  number={12},
  pages={4427--4431},
  year={2014},
  publisher={National Acad Sciences}
}

@techreport{calder2021,
  title={Venture capital’s “me too” moment},
  author={Calder-Wang, Sophie and Gompers, Paul and Sweeney, Patrick},
  year={2021},
  institution={National Bureau of Economic Research}
}

@article{dessein2006,
  title={Adaptive organizations},
  author={Dessein, Wouter and Santos, Tano},
  journal={Journal of political Economy},
  volume={114},
  number={5},
  pages={956--995},
  year={2006},
  publisher={The University of Chicago Press}
}

@article{bell2011,
  title={Getting specific about demographic diversity variable and team performance relationships: A meta-analysis},
  author={Bell, Suzanne T and Villado, Anton J and Lukasik, Marc A and Belau, Larisa and Briggs, Andrea L},
  journal={Journal of management},
  volume={37},
  number={3},
  pages={709--743},
  year={2011},
  publisher={Sage Publications Sage CA: Los Angeles, CA}
}

@article{einio2019,
  title={Social push and the direction of innovation},
  author={Eini{\"o}, Elias and Feng, Josh and Jaravel, Xavier},
  journal={Available at SSRN 3383703},
  year={2019}
}

@article{ewens2020,
  title={Are early stage investors biased against women?},
  author={Ewens, Michael and Townsend, Richard R},
  journal={Journal of Financial Economics},
  volume={135},
  number={3},
  pages={653--677},
  year={2020},
  publisher={Elsevier}
}

@article{calder2021,
  title={And the children shall lead: Gender diversity and performance in venture capital},
  author={Calder-Wang, Sophie and Gompers, Paul A},
  journal={Journal of Financial Economics},
  volume={142},
  number={1},
  pages={1--22},
  year={2021},
  publisher={Elsevier}
}

@article{dustmann2012,
  title={Expansions in maternity leave coverage and children's long-term outcomes},
  author={Dustmann, Christian and Sch{\"o}nberg, Uta},
  journal={American Economic Journal: Applied Economics},
  volume={4},
  number={3},
  pages={190--224},
  year={2012},
  publisher={American Economic Association}
}

@techreport{gompers2017diversity,
  title={Diversity in innovation},
  author={Gompers, Paul A and Wang, Sophie Q},
  year={2017},
  institution={National Bureau of Economic Research}
}

@article{gompers2016,
  title={The cost of friendship},
  author={Gompers, Paul A and Mukharlyamov, Vladimir and Xuan, Yuhai},
  journal={Journal of Financial Economics},
  volume={119},
  number={3},
  pages={626--644},
  year={2016},
  publisher={Elsevier}
}

@article{gompers2022,
  title={Gender gaps in venture capital performance},
  author={Gompers, Paul A and Mukharlyamov, Vladimir and Weisburst, Emily and Xuan, Yuhai},
  journal={Journal of Financial and Quantitative Analysis},
  volume={57},
  number={2},
  pages={485--513},
  year={2022},
  publisher={Cambridge University Press}
}

@article{gornall2020,
  title={Gender, race, and entrepreneurship: A randomized field experiment on venture capitalists and angels},
  author={Gornall, Will and Strebulaev, Ilya A},
  journal={Management Science, Forthcoming},
  year={2020}
}

@article{gottlieb2022,
  title={Does career risk deter potential entrepreneurs?},
  author={Gottlieb, Joshua D and Townsend, Richard R and Xu, Ting},
  journal={The Review of Financial Studies},
  volume={35},
  number={9},
  pages={3973--4015},
  year={2022},
  publisher={Oxford University Press}
}

@article{guzman2019,
  title={Gender gap in entrepreneurship},
  author={Guzman, Jorge and Kacperczyk, Aleksandra Olenka},
  journal={Research Policy},
  volume={48},
  number={7},
  pages={1666--1680},
  year={2019},
  publisher={Elsevier}
}



@article{harrison2007s,
  title={What's the difference? Diversity constructs as separation, variety, or disparity in organizations},
  author={Harrison, David A and Klein, Katherine J},
  journal={Academy of management review},
  volume={32},
  number={4},
  pages={1199--1228},
  year={2007},
  publisher={Academy of Management Briarcliff Manor, NY 10510}
}

@inproceedings{hebert2023,
  title={Gender stereotypes and entrepreneur financing},
  author={Hebert, Camille},
  booktitle={10th Miami behavioral finance conference},
  year={2023}
}

@techreport{hellmann2019,
  title={Be careful what you ask for: Fundraising strategies in equity crowdfunding},
  author={Hellmann, Thomas and Mostipan, Ilona and Vulkan, Nir},
  year={2019},
  institution={National Bureau of Economic Research}
}

@article{hoogendoorn2013,
  title={The impact of gender diversity on the performance of business teams: Evidence from a field experiment},
  author={Hoogendoorn, Sander and Oosterbeek, Hessel and Van Praag, Mirjam},
  journal={Management science},
  volume={59},
  number={7},
  pages={1514--1528},
  year={2013},
  publisher={INFORMS}
}

@incollection{joshi2007,
  title={Context matters: A multilevel framework forwork team diversity research},
  author={Joshi, Aparna and Roh, Hyuntak},
  booktitle={Research in personnel and human resources management},
  pages={1--48},
  year={2007},
  publisher={Emerald Group Publishing Limited}
}

@article{kaplan2010,
  title={It ain't broke: The past, present, and future of venture capital},
  author={Kaplan, Steven N and Lerner, Josh},
  journal={Journal of Applied Corporate Finance},
  volume={22},
  number={2},
  pages={36--47},
  year={2010},
  publisher={Wiley Online Library}
}

@article{kim2016,
  title={Gender diversity on corporate boards: Do women contribute unique skills?},
  author={Kim, Daehyun and Starks, Laura T},
  journal={American Economic Review},
  volume={106},
  number={5},
  pages={267--271},
  year={2016},
  publisher={American Economic Association 2014 Broadway, Suite 305, Nashville, TN 37203}
}

@article{koning2019,
  title={Female inventors and inventions},
  author={Koning, Rembrand and Samila, Sampsa and Ferguson, John-Paul},
  journal={Available at SSRN 3401889},
  year={2019}
}

@article{lyons2017,
  title={Team production in international labor markets: Experimental evidence from the field},
  author={Lyons, Elizabeth},
  journal={American Economic Journal: Applied Economics},
  volume={9},
  number={3},
  pages={70--104},
  year={2017},
  publisher={American Economic Association 2014 Broadway, Suite 305, Nashville, TN 37203-2425}
}

@article{mathieu2014,
  title={A review and integration of team composition models: Moving toward a dynamic and temporal framework},
  author={Mathieu, John E and Tannenbaum, Scott I and Donsbach, Jamie S and Alliger, George M},
  journal={Journal of management},
  volume={40},
  number={1},
  pages={130--160},
  year={2014},
  publisher={Sage Publications Sage CA: Los Angeles, CA}
}

@article{rasul2018,
  title={Management of bureaucrats and public service delivery: Evidence from the nigerian civil service},
  author={Rasul, Imran and Rogger, Daniel},
  journal={The Economic Journal},
  volume={128},
  number={608},
  pages={413--446},
  year={2018},
  publisher={Oxford University Press Oxford, UK}
}
@article{robb2014,
  title={The capital structure decisions of new firms},
  author={Robb, Alicia M and Robinson, David T},
  journal={The Review of Financial Studies},
  volume={27},
  number={1},
  pages={153--179},
  year={2014},
  publisher={Oxford University Press}
}

@article{ruigrok2007,
  title={Nationality and gender diversity on Swiss corporate boards},
  author={Ruigrok, Winfried and Peck, Simon and Tacheva, Sabina},
  journal={Corporate governance: an international review},
  volume={15},
  number={4},
  pages={546--557},
  year={2007},
  publisher={Wiley Online Library}
}

@article{shore2009,
  title={Diversity in organizations: Where are we now and where are we going?},
  author={Shore, Lynn M and Chung-Herrera, Beth G and Dean, Michelle A and Ehrhart, Karen Holcombe and Jung, Don I and Randel, Amy E and Singh, Gangaram},
  journal={Human resource management review},
  volume={19},
  number={2},
  pages={117--133},
  year={2009},
  publisher={Elsevier}
}

%The following reference is for a webpage.
@online{Refinitiv,
  title = {THE REFINITIV BUSINESS CLASSIFICATION},
  url = {https://www.refinitiv.cn/content/dam/marketing/en_us/documents/methodology/trbc-business-classifcation-methodology.pdf},
  urldate = {2020-09-01},
  year = 2020,
  month = Sep
}

@article{webber2001,
  title={Impact of highly and less job-related diversity on work group cohesion and performance: A meta-analysis},
  author={Webber, Sheila Simsarian and Donahue, Lisa M},
  journal={Journal of management},
  volume={27},
  number={2},
  pages={141--162},
  year={2001},
  publisher={Elsevier}
}

@article{wegge2008,
  title={Age and gender diversity as determinants of performance and health in a public organization: the role of task complexity and group size.},
  author={Wegge, J{\"u}rgen and Roth, Carla and Neubach, Barbara and Schmidt, Klaus-Helmut and Kanfer, Ruth},
  journal={Journal of Applied Psychology},
  volume={93},
  number={6},
  pages={1301},
  year={2008},
  publisher={American Psychological Association}
}













