%This is your bibliography file.
%It can be edited with a text editor, or with the BibTeX editor.
%It is in a very specific format, so make changes carefully.

%The following reference is for a webpage.
@online{schroeder2012,
  title = {Facebook Hits One Billion Active Users},
  url = {http://mashable.com/2012/10/04/facebook-one-billion/},
  abstract = {Facebook just officially reached one billion active users, Facebook {CEO} and co-founder Mark Zuckerberg has announced.},
  urldate = {2013-07-17},
  journal = {Mashable},
  author = {Schroeder, Stan},
  year = 2012,
  month = oct
}

@article{eckel2001chivalry,
  title={Chivalry and solidarity in ultimatum games},
  author={Eckel, Catherine C and Grossman, Philip J},
  journal={Economic inquiry},
  volume={39},
  number={2},
  pages={171--188},
  year={2001},
  publisher={Wiley Online Library}
}

@article{ak00,
author = {Akerlof, G. A. and Kranton, R. E.},
journal = {The Quarterly Journal of Economics},
number = {3},
pages = {715-753},
title = {Economics and Identity},
volume = {115},
year = {2000},
}

@article{ak08,
author = {Akerlof, G. A. and Kranton, R. E.},
journal = {American Economic Review},
number = {2},
pages = {212-217},
title = {Identity, Supervision, and Work Groups},
volume = {98},
year = {2008},
}

@article{ack23,
author = {Aksoy, B. and Chadd, I. and Koh, B. H.},
journal = {European Economic Review},
number = {10442},
pages = {7},
title = {Sexual identity, gender, and anticipated discrimination in prosocial behavior},
volume = {154},
year = {2023},
}

@article{aeejs16,
author = {Amini, M. and Ekstr{"o}m, M. and Ellingsen, T. and Johannesson, M. and Str{"o}msten, F.},
number = {1287},
pages = {1085-1096},
title = {Does Gender Diversity Promote Nonconformity? 63(4)},
volume = {10},
year = {2016},
}

@article{am18,
author = {Andersen, S. C. and Moynihan, D. P.},
journal = {Public Administration Review},
number = {6},
pages = {874-882},
title = {How Do Socially Distinctive Newcomers Fare? Evidence from a Field Experiment},
volume = {78},
year = {2018},
}

@article{aai12,
author = {Apesteguia, J. and Azmat, G. and Iriberri, N.},
journal = {Management Science},
number = {1},
pages = {78-93},
title = {The Impact of Gender Composition on Team Performance and Decision Making: Evidence from the Field},
volume = {58},
year = {2012},
}

@article{ach18,
author = {Azrieli, Y. and Chambers, C. P. and Healy, P. J.},
number = {1086},
pages = {1472-1503},
title = {Incentives in Experiments: A Theoretical Analysis. 126(4)},
volume = {10},
year = {2018},
}

@article{blmv11,
author = {Balliet, D. and Li, N. P. and Macfarlan, S. J. and Van Vugt, M.},
journal = {Psychological Bulletin},
number = {6},
pages = {881-909},
title = {Sex Differences in Cooperation: A Meta-Analytic Review of Social Dilemmas},
volume = {137},
year = {2011},
}

@article{bjl14,
  title={The incidence and diffusion of teamwork in manufacturing--evidences from a Pan-European survey},
  author={Bikfalvi, Andrea and J{\"a}ger, Angela and Lay, Gunter},
  journal={Journal of Organizational Change Management},
  volume={27},
  number={2},
  pages={206--231},
  year={2014},
  publisher={Emerald Group Publishing Limited}
}

@article{bjd13,
author = {Bogan, V. L. and Just, D. R. and Dev, C. S.},
journal = {Review of Behavioral Finance},
number = {2},
pages = {134-152},
title = {Team gender diversity and investment decision-making behavior},
volume = {5},
year = {2013},
}

@book{bcn21,
title={Virtual Water Coolers: A Field Experiment on the Role of Virtual Interactions on Organizational Newcomer Performance},
  author={Choudhury, Prithwiraj and Lane, J. N. and Bojinov, Iavor},
  journal={Harvard Business School Technology \& Operations Mgt. Unit Working Paper},
  number={21-125},
  year={2023}
}

@article{bcgs19,
author = {Bordalo, P. and Coffman, K. and Gennaioli, N. and Shleifer, A.},
journal = {American Economic Review},
number = {3},
pages = {739-773},
title = {Beliefs about Gender},
volume = {109},
year = {2019},
}

@article{brs22,
author = {Born, A. and Ranehill, E. and Sandberg, A.},
journal = {The Review of Economics and Statistics},
number = {2},
pages = {259-275},
title = {Gender and Willingness to Lead: Does the Gender Composition of Teams Matter?},
volume = {104},
year = {2022},
}

@article{burns2015,
  author={Burns, J. and Keswell, M.},
  title={Diversity and the provision of public goods: Experimental evidence from South Africa},
  journal={Journal of Economic Behavior \& Organization},
  volume={118},
  pages={110--122},
  year={2015},
  publisher={Elsevier}
}

@misc{b20,
  title = {Census Statistics Highlight Local Population Changes and Nation's Racial and Ethnic Diversity},
  howpublished = {\url{https://www.census.gov/newsroom/press-releases/2021/population-changes-nations-diversity.html}},
  year={2020},
  note = {Accessed: 2020-09-30}
}

@misc{b21,
  title = {Labor force characteristics by race and ethnicity, 2020},
  howpublished = {\url{https://www.bls.gov/opub/reports/race-and-ethnicity/2020/home.htm}},
  year={2020},
  note = {Accessed: 2021-10-30}
}

@article{b71,
author = {Byrne, D.E. },
title = {The attraction paradigm},
volume = {474},
year = {1971},
url = {https://books.google.com/books/about/The_Attraction_Paradigm.html?id=FojZAAAAMAAJ},
}

@article{bw62,
title = {Racial prejudice, interpersonal attraction, and assumed dissimilarity of attitudes},
author = {Byrne, D. E., and Wong, T.},
journal = {Journal of Abnormal and Social Psychology},
volume = {65},
number = {4},
pages = {246--253},
year = {1962},
}

@article{chaudhuri2011,
  title={Sustaining cooperation in laboratory public goods experiments: a selective survey of the literature},
  author={Chaudhuri, A.},
  journal={Experimental economics},
  volume={14},
  pages={47--83},
  year={2011},
  publisher={Springer}
}

@article{chen11,
  title={The potential of social identity for equilibrium selection},
  author={Chen, R., and Chen, Y.},
  journal={American Economic Review},
  volume={101},
  number={6},
  pages={2562--2589},
  year={2011},
  publisher={American Economic Association}
}

@article{cde22,
  title={Trust among the poor: African Americans trust their neighbors, but are less trusting of public officials},
  author={Candelo, N. and de Oliveira, A. C.M. and Eckel, C.},
  journal={Public Choice},
  pages={1--26},
  year={2022},
  publisher={Springer}
}

@article{ccj14,
author = {Charness, G. and Cobo-Reyes, R. and Jim{\'e}nez, N.},
journal = {Games and Economic Behavior},
pages = {322-338},
title = {Identities, selection, and contributions in a public-goods game},
volume = {87},
year = {2014},
}

@article{ccm,
author = {Charness, G. and Cobo-Reyes, R. and Meraglia, S.},
journal = {Anticipated Discrimination, Choices, and Performance: Experimental Evidence},
pages = {10347},
title = {& S{\'a}nchez, {\'A}. (2020)},
volume = {127},
unidentified = {European Economic Review, 3},
}

@article{crrbcdfggllmrwy07,
author = {Charness, G. and Rigotti, L. and Rustichini, A. and Bergstrom, T. and Croson, R. and Dellavigna, S. and Foster, J. and Garratt, R. and Gneezy, U. and Laibson, D. and Larrick, R. and Mobius, M. and Rabin, M. and Weber, R. and Yang, C.L.},
journal = {American Economic Review},
number = {4},
pages = {1340-1352},
title = {Individual Behavior and Group Membership},
volume = {97},
year = {2007},
}

@article{c10,
author = {Chaudhuri, A.},
journal = {Experimental Economics},
number = {14-1},
pages = {47-83},
title = {Sustaining cooperation in laboratory public goods experiments: a selective survey of the literature},
volume = {2010},
year = {2010},
}

@article{c05,
author = {Chen, G.,},
journal = {Academy of Management Journal},
number = {1},
pages = {101-116},
title = {Newcomer Adaptation in Teams: Multilevel Antecedents and Outcomes},
volume = {48},
year = {2005},
}

@article{ch19,
author = {Chen,J. and Houser, D.},
journal = {The Leadership Quarterly},
number = {6},
pages = {101340},
title = {When are women willing to lead? The effect of team gender composition and gendered tasks},
volume = {30},
year = {2019},
}

@article{charness2011,
  title={Gender differences in cooperation with group membership},
  author={Charness, Gary and Rustichini, Aldo},
  journal={Games and Economic Behavior},
  volume={72},
  number={1},
  pages={77--85},
  year={2011},
  publisher={Elsevier}
}

@article{chen2009group,
  title={Group identity and social preferences},
  author={Chen, Y., and Li, S. X.},
  journal={American Economic Review},
  volume={99},
  number={1},
  pages={431--457},
  year={2009},
  publisher={American Economic Association}
}

@article{clls14,
    title = {Which hat to wear? Impact of natural identities on coordination and cooperation},
    author = {Chen, Y. and Li, S. X. and Liu, T. X. and Shih, M.},
    journal = {Games and Economic Behavior},
    volume = {84},
    year = {2014},
    pages = {58-86},
    publisher={Elvesier},
}

@article{cfs21,
author = {Coffman, K. and Flikkema, C. B. and Shurchkov, O.},
journal = {Games and Economic Behavior},
pages = {329-349},
title = {Gender stereotypes in deliberation and team decisions},
volume = {129},
year = {2021},
}

@article{cg09,
author = {Croson, R. and Gneezy, U.},
journal = {Journal of Economic Literature},
number = {2},
pages = {448-474},
title = {Gender Differences in Preferences},
volume = {47},
year = {2009},
}

@article{g,
author = {Di Girolamo, A. and Drouvelis, M. },
journal = {Economic Letters},
pages = {168-170},
volume = {137},
year = {2015},
}

@article{dg05,
author = {Dufwenberg, M. and Gneezy, U.},
journal = {Experimental Business Research},
pages = {253-262},
title = {Gender and Coordination},
year = {2005},
}

@article{eg02,
author = {Eckel, C. C. and Grossman, P. J.},
journal = {Evolution and Human Behavior},
number = {4},
pages = {281-295},
title = {Sex differences and statistical stereotyping in attitudes toward financial risk},
volume = {23},
year = {2002},
}

@article{eg05,
author = {Eckel, C. C. and Grossman, P. J.},
journal = {Journal of Economic Behavior and Organization},
number = {3},
pages = {371-392},
title = {Managing diversity by creating team identity},
volume = {58},
year = {2005},
}

@article{ejmm13,
author = {Ellingsen, T. and Johannesson, M. and Mollerstrom, J. and Munkhammar, S.},
journal = {Economics Letters},
number = {3},
pages = {470-472},
title = {Gender differences in social framing effects},
volume = {118},
year = {2013},
}

@article{fghz23,
author = {Fischbacher, U. and Grammling, D. and Hausfeld, J. and Z{\'\i}ka, V.},
journal = {Journal of Public Economics},
number = {10486},
pages = {6},
title = {Identity breeds inequality: Evidence from a laboratory experiment on redistribution},
volume = {222},
year = {2023},
}

@book{kagel2020handbook,
  title={The handbook of experimental economics, volume 2},
  author={Kagel, John H and Roth, Alvin E},
  year={2015},
  publisher={Princeton university press}
}

@article{fkmmw21,
author = {Furtner, N. C. and Kocher, M. G. and Martinsson, P. and Matzat, D. and Wollbrant, C.},
journal = {Journal of Economic Behavior and Organization},
pages = {39-48},
title = {Gender and cooperative preferences},
volume = {181},
year = {2021},
}

@article{ght18,
author = {Grund, C. and Harbring, C. and Thommes, K.},
journal = {Journal of Economic Behavior and Organization},
pages = {306-319},
title = {Group (Re-) formation in public good games: The tale of the bad apple?},
volume = {145},
year = {2018},
}
@article{har2009,
  title={The value of groups},
  author={Hargreaves, H. and Shaun, P. and Zizzo, D. J.},
  journal={American Economic Review},
  volume={99},
  number={1},
  pages={295--323},
  year={2009},
  publisher={American Economic Association}
}

@book{ha12,
author = {Hebl, M. R. and Avery, D. R.},
edition = {Second},
publisher = {Handbook of Psychology},
title = {Diversity in Organizations},
year = {2012},
}

@article{h00,
author = {Holm, H. J.},
journal = {Games and Economic Behavior},
number = {2},
pages = {292-314},
title = {Gender-Based Focal Points},
volume = {32},
year = {2000},
}


@inproceedings{j23,
  title={Team composition in organizational settings: Issues in managing an increasingly diverse work force.},
  author={Jackson, Susan E},
  booktitle={Symposium on Group Productivity and Process, 1989, Texas A \& MU, College Station, TX, US},
  year={1991},
  organization={Sage Publications, Inc}
}

@article{jnn99,
author = {Jehn, K. A. and Northcraft, G. B. and Neale, M. A.},
journal = {Administrative Science Quarterly},
number = {4},
pages = {741-763},
title = {Why Differences Make a Difference: A Field Study of Diversity, Conflict and Performance in Workgroups},
volume = {44},
year = {1999},
}

@article{ks16,
author = {Kim, D. and Starks, L. T.},
journal = {American Economic Review: Papers and Proceedings},
number = {5},
pages = {267-271},
title = {Gender Diversity on Corporate Boards: Do Women Contribute Unique Skills? †},
volume = {106},
year = {2016},
}
@article{lau,
  title={Demographic diversity and faultlines: The compositional dynamics of organizational groups},
  author={Lau, D. C. and Murnighan, J. K.},
  journal={Academy of Management Review},
  volume={23},
  number={2},
  pages={325--340},
  year={1998},
  publisher={Academy of Management Briarcliff Manor, NY 10510}
}

@article{lm05,
author = {Lau, D. C. and Murnighan, J. K.},
journal = {Academy of Management Journal},
number = {5465},
pages = {645-659},
title = {Interactions Within Groups and Subgroups: The Effects of Demographic Faultlines. 48(4)},
volume = {10},
year = {2005},
}

@article{lml,
title = {Creating high performance organizations : practices and results of employee involvement and Total Quality Management in Fortune},
author = {Lawler, E. E. and Mohrman, S. Albers. and Ledford, G. E.},
volume = {1000},
year = {1995},
unidentified = {companies. Jossey-Bass},
}

@article{labbzs14,
author = {Levine, S. S. and Apfelbaum, E. P. and Bernard, M. and Bartelt, V. L. and Zajac, E. J. and Stark, D.},
journal = {Proceedings of the National Academy of Sciences of the United States of America},
number = {52},
pages = {18524-18529},
title = {Ethnic diversity deflates price bubbles},
volume = {111},
year = {2014},
}

@article{m2013,
  title={You can’t put old wine in new bottles: The effect of newcomers on coordination in groups},
  author={McCarter, M. W and Sheremeta, R. M.},
  journal={PloS one},
  volume={8},
  number={1},
  pages={e55058},
  year={2013},
  publisher={Public Library of Science San Francisco, USA}
}

@article{nt94,
author = {Nowell, C. and Tinkler, S.},
journal = {Journal of Economic Behavior and Organization},
number = {1},
pages = {25-36},
title = {The influence of gender on the provision of a public good},
volume = {25},
year = {1994},
}

@article{ostrom2000,
  title={Collective action and the evolution of social norms},
  author={Ostrom, E.},
  journal={Journal of economic perspectives},
  volume={14},
  number={3},
  pages={137--158},
  year={2000},
  publisher={American Economic Association}
}

@article{pk12,
author = {Patrick, H. A. and Kumar, V. R.},
journal = {Sage Open},
number = {1177},
pages = {1-15},
title = {Managing Workplace Diversity. 2(2)},
volume = {10},
year = {2012},

}

@article{pbm19,
  title={Gender effects and cooperation in collective action: A laboratory experiment},
  author={Peshkovskaya, A. and Babkina, T. and Myagkov, M.},
  journal={Rationality and Society},
  volume={31},
  number={3},
  pages={337--353},
  year={2019},
  publisher={Sage Publications Sage UK: London, England}
}

@article{pln08,
author = {Phillips, K. W. and Liljenquist, K. A. and Neale, M. A.},
journal = {Personality and Social Psychology Bulletin},
number = {1177},
pages = {336-350},
title = {Is the Pain Worth the Gain? The Advantages and Liabilities of Agreeing With Socially Distinct Newcomers. 35(3)},
volume = {10},
year = {2008},
}

@article{po15,
  title={Demography and Diversity in Organisations: A review of 40 years of research in BM Staw and LL Cummings (eds) Research in Organisational Behaviour Vol. 20},
  author={Williams, KY and O’Reilly III, CA},
  journal={Jai Pres, Connecticut},
  year={1998}
}

@article{rkev13,
author = {Rink, F. and Kane, A. A. and Ellemers, N. and Vegt, G. van der},
journal = {Research in Organizational Behavior},
number = {5465},
pages = {247-293},
title = {Team Receptivity to Newcomers: Five Decades of Evidence and Future Research Themes. 7(1)},
volume = {10},
year = {2013},
}

@article{rvhv13,
author = {Roberson, Q. M. and Van Knippenberg, D. and Homan, A. C. and Van Ginkel, W. P.},
journal = {The Oxford Handbook of Diversity and Work},
pages = {220-238},
title = {Diversity Cognition and Climates},
year = {2013},
}

@article{s17,
author = {Sarsons, H.},
journal = {American Economic Review},
number = {5},
pages = {141-145},
title = {Recognition for Group Work: Gender Differences in Academia},
volume = {107},
year = {2017},
}

@article{sz11,
author = {Shayo, M. and Zussman, A.},
journal = {The Quarterly Journal of Economics},
number = {3},
pages = {1447-1484},
title = {Judicial Ingroup Bias in the Shadow of Terrorism},
volume = {126},
year = {2011},
}

@book{skp21,
author = {Stoddard, O. and Karpowitz, C. and Preece, J.},
publisher = {SSRN Electronic Journal},
title = {Strength in Numbers: A Field Experiment in Gender, Influence, and Group Dynamics},
year = {2021},
}

@article{stallen2023,
  title={Partner choice and cooperation in social dilemmas can increase resource inequality},
  author={Stallen, M. and Snijder, L. L. and Gross, J. and Hilbert, L. P. and De Dreu, C. K.W.},
  journal={Nature Communications},
  volume={14},
  number={1},
  pages={6432},
  year={2023},
  publisher={Nature Publishing Group UK London}
}
@article{stoop2012lab,
  title={From the lab to the field: Cooperation among fishermen},
  author={Stoop, Jan and Noussair, Charles N and Van Soest, Daan},
  journal={Journal of Political Economy},
  volume={120},
  number={6},
  pages={1027--1056},
  year={2012},
  publisher={University of Chicago Press Chicago, IL}
}


@article{t74,
author = {Tajfel, H.},
journal = {In Social Science Information (Vol.},
pages = {2},
title = {Social identity and intergroup behaviour},
volume = {13},
year = {1974},
unidentified = {SAGE PublicationsSage CA: Thousand Oaks, CA},
}

@book{t78,
author = {Tajfel, H.},
publisher = {Academic Press},
title = {Interindividual and intergroup behaviour: Differentiation Between Groups: Studies in the Social Psychology of Intergroup Relations},
year = {1978},
}

@article{tbt79,
author = {Turner, J. C. and Brown, R. J. and Tajfel, H.},
journal = {European Journal of Social Psychology},
number = {2},
pages = {187-204},
title = {Social comparison and group interest in ingroup favouritism},
volume = {9},
year = {1979},
}

@article{vbb91,
author = {van Huyck, J. B. and Battalio, R. C. and Beil, R. O.},
journal = {The Quarterly Journal of Economics},
number = {3},
pages = {885-910},
title = {Strategic Uncertainty, Equilibrium Selection, and Coordination Failure in Average Opinion Games},
volume = {106},
year = {1991},
}

@article{vvh13,
author = {Van Knippenberg, D. and van Ginkel, W. P. and Homan, A. C.},
journal = {Organizational Behavior and Human Decision Processes},
number = {2},
pages = {183-193},
title = {Diversity mindsets and the performance of diverse teams},
volume = {121},
year = {2013},
}

@misc{Mann_2023, title={An all-black crew operated a British Airways flight for the first time in the airline’s history}, url={https://www.businessinsider.com/british-airways-flight-staffed-all-black-crew-first-time-2023-2}, journal={Business Insider}, publisher={Business Insider}, author={Mann, Jyoti}, year={2023}, month={Feb}} 

@article{yahoo_2023, url={https://news.yahoo.com/delta-flight-attendant-recalls-working-195949662.html}, journal={Yahoo News}, publisher={Yahoo}, author={Michelle, Jahaura}, year={2023}, month={Oct}} 


%This is your bibliography file.
%It can be edited with a text editor, or with the BibTeX editor.
%It is in a very specific format, so make changes carefully.

@article{adams2009,
  title={Women in the boardroom and their impact on governance and performance},
  author={Adams, Ren{\'e}e B and Ferreira, Daniel},
  journal={Journal of financial economics},
  volume={94},
  number={2},
  pages={291--309},
  year={2009},
  publisher={Elsevier}
}

@article{alesina2013,
  title={Do women pay more for credit? Evidence from Italy},
  author={Alesina, Alberto F and Lotti, Francesca and Mistrulli, Paolo Emilio},
  journal={Journal of the European Economic Association},
  volume={11},
  number={suppl\_1},
  pages={45--66},
  year={2013},
  publisher={Oxford University Press}
}

@article{ali2011,
  title={The gender diversity--performance relationship in services and manufacturing organizations},
  author={Ali, Muhammad and Kulik, Carol T and Metz, Isabel},
  journal={The International Journal of Human Resource Management},
  volume={22},
  number={07},
  pages={1464--1485},
  year={2011},
  publisher={Taylor \& Francis}
}

@article{alsan2019,
  title={Does diversity matter for health? Experimental evidence from Oakland},
  author={Alsan, Marcella and Garrick, Owen and Graziani, Grant},
  journal={American Economic Review},
  volume={109},
  number={12},
  pages={4071--4111},
  year={2019},
  publisher={American Economic Association 2014 Broadway, Suite 305, Nashville, TN 37203}
}

@article{beckman2007,
  title={Early teams: The impact of team demography on VC financing and going public},
  author={Beckman, Christine M and Burton, M Diane and O'Reilly, Charles},
  journal={Journal of business venturing},
  volume={22},
  number={2},
  pages={147--173},
  year={2007},
  publisher={Elsevier}
}

@article{bernstein2017,
  title={Attracting early-stage investors: Evidence from a randomized field experiment},
  author={Bernstein, Shai and Korteweg, Arthur and Laws, Kevin},
  journal={The Journal of Finance},
  volume={72},
  number={2},
  pages={509--538},
  year={2017},
  publisher={Wiley Online Library}
}

@article{bertrand2017,
  title={Field experiments on discrimination},
  author={Bertrand, Marianne and Duflo, Esther},
  journal={Handbook of economic field experiments},
  volume={1},
  pages={309--393},
  year={2017},
  publisher={Elsevier}
}

@article{brooks2014,
  title={Investors prefer entrepreneurial ventures pitched by attractive men},
  author={Brooks, Alison Wood and Huang, Laura and Kearney, Sarah Wood and Murray, Fiona E},
  journal={Proceedings of the National Academy of Sciences},
  volume={111},
  number={12},
  pages={4427--4431},
  year={2014},
  publisher={National Acad Sciences}
}

@techreport{calder2021,
  title={Venture capital’s “me too” moment},
  author={Calder-Wang, Sophie and Gompers, Paul and Sweeney, Patrick},
  year={2021},
  institution={National Bureau of Economic Research}
}

@article{dessein2006,
  title={Adaptive organizations},
  author={Dessein, Wouter and Santos, Tano},
  journal={Journal of political Economy},
  volume={114},
  number={5},
  pages={956--995},
  year={2006},
  publisher={The University of Chicago Press}
}

@article{bell2011,
  title={Getting specific about demographic diversity variable and team performance relationships: A meta-analysis},
  author={Bell, Suzanne T and Villado, Anton J and Lukasik, Marc A and Belau, Larisa and Briggs, Andrea L},
  journal={Journal of management},
  volume={37},
  number={3},
  pages={709--743},
  year={2011},
  publisher={Sage Publications Sage CA: Los Angeles, CA}
}

@article{einio2019,
  title={Social push and the direction of innovation},
  author={Eini{\"o}, Elias and Feng, Josh and Jaravel, Xavier},
  journal={Available at SSRN 3383703},
  year={2019}
}

@article{ewens2020,
  title={Are early stage investors biased against women?},
  author={Ewens, Michael and Townsend, Richard R},
  journal={Journal of Financial Economics},
  volume={135},
  number={3},
  pages={653--677},
  year={2020},
  publisher={Elsevier}
}

@article{calder2021,
  title={And the children shall lead: Gender diversity and performance in venture capital},
  author={Calder-Wang, Sophie and Gompers, Paul A},
  journal={Journal of Financial Economics},
  volume={142},
  number={1},
  pages={1--22},
  year={2021},
  publisher={Elsevier}
}

@article{dustmann2012,
  title={Expansions in maternity leave coverage and children's long-term outcomes},
  author={Dustmann, Christian and Sch{\"o}nberg, Uta},
  journal={American Economic Journal: Applied Economics},
  volume={4},
  number={3},
  pages={190--224},
  year={2012},
  publisher={American Economic Association}
}

@techreport{gompers2017diversity,
  title={Diversity in innovation},
  author={Gompers, Paul A and Wang, Sophie Q},
  year={2017},
  institution={National Bureau of Economic Research}
}

@article{gompers2016,
  title={The cost of friendship},
  author={Gompers, Paul A and Mukharlyamov, Vladimir and Xuan, Yuhai},
  journal={Journal of Financial Economics},
  volume={119},
  number={3},
  pages={626--644},
  year={2016},
  publisher={Elsevier}
}

@article{gompers2022,
  title={Gender gaps in venture capital performance},
  author={Gompers, Paul A and Mukharlyamov, Vladimir and Weisburst, Emily and Xuan, Yuhai},
  journal={Journal of Financial and Quantitative Analysis},
  volume={57},
  number={2},
  pages={485--513},
  year={2022},
  publisher={Cambridge University Press}
}

@article{gornall2020,
  title={Gender, race, and entrepreneurship: A randomized field experiment on venture capitalists and angels},
  author={Gornall, Will and Strebulaev, Ilya A},
  journal={Management Science, Forthcoming},
  year={2020}
}

@article{gottlieb2022,
  title={Does career risk deter potential entrepreneurs?},
  author={Gottlieb, Joshua D and Townsend, Richard R and Xu, Ting},
  journal={The Review of Financial Studies},
  volume={35},
  number={9},
  pages={3973--4015},
  year={2022},
  publisher={Oxford University Press}
}

@article{guzman2019,
  title={Gender gap in entrepreneurship},
  author={Guzman, Jorge and Kacperczyk, Aleksandra Olenka},
  journal={Research Policy},
  volume={48},
  number={7},
  pages={1666--1680},
  year={2019},
  publisher={Elsevier}
}



@article{harrison2007s,
  title={What's the difference? Diversity constructs as separation, variety, or disparity in organizations},
  author={Harrison, David A and Klein, Katherine J},
  journal={Academy of management review},
  volume={32},
  number={4},
  pages={1199--1228},
  year={2007},
  publisher={Academy of Management Briarcliff Manor, NY 10510}
}

@inproceedings{hebert2023,
  title={Gender stereotypes and entrepreneur financing},
  author={Hebert, Camille},
  booktitle={10th Miami behavioral finance conference},
  year={2023}
}

@techreport{hellmann2019,
  title={Be careful what you ask for: Fundraising strategies in equity crowdfunding},
  author={Hellmann, Thomas and Mostipan, Ilona and Vulkan, Nir},
  year={2019},
  institution={National Bureau of Economic Research}
}

@article{hoogendoorn2013,
  title={The impact of gender diversity on the performance of business teams: Evidence from a field experiment},
  author={Hoogendoorn, Sander and Oosterbeek, Hessel and Van Praag, Mirjam},
  journal={Management science},
  volume={59},
  number={7},
  pages={1514--1528},
  year={2013},
  publisher={INFORMS}
}

@incollection{joshi2007,
  title={Context matters: A multilevel framework forwork team diversity research},
  author={Joshi, Aparna and Roh, Hyuntak},
  booktitle={Research in personnel and human resources management},
  pages={1--48},
  year={2007},
  publisher={Emerald Group Publishing Limited}
}

@article{kaplan2010,
  title={It ain't broke: The past, present, and future of venture capital},
  author={Kaplan, Steven N and Lerner, Josh},
  journal={Journal of Applied Corporate Finance},
  volume={22},
  number={2},
  pages={36--47},
  year={2010},
  publisher={Wiley Online Library}
}

@article{kim2016,
  title={Gender diversity on corporate boards: Do women contribute unique skills?},
  author={Kim, Daehyun and Starks, Laura T},
  journal={American Economic Review},
  volume={106},
  number={5},
  pages={267--271},
  year={2016},
  publisher={American Economic Association 2014 Broadway, Suite 305, Nashville, TN 37203}
}

@article{koning2019,
  title={Female inventors and inventions},
  author={Koning, Rembrand and Samila, Sampsa and Ferguson, John-Paul},
  journal={Available at SSRN 3401889},
  year={2019}
}

@article{lyons2017,
  title={Team production in international labor markets: Experimental evidence from the field},
  author={Lyons, Elizabeth},
  journal={American Economic Journal: Applied Economics},
  volume={9},
  number={3},
  pages={70--104},
  year={2017},
  publisher={American Economic Association 2014 Broadway, Suite 305, Nashville, TN 37203-2425}
}

@article{mathieu2014,
  title={A review and integration of team composition models: Moving toward a dynamic and temporal framework},
  author={Mathieu, John E and Tannenbaum, Scott I and Donsbach, Jamie S and Alliger, George M},
  journal={Journal of management},
  volume={40},
  number={1},
  pages={130--160},
  year={2014},
  publisher={Sage Publications Sage CA: Los Angeles, CA}
}

@article{rasul2018,
  title={Management of bureaucrats and public service delivery: Evidence from the nigerian civil service},
  author={Rasul, Imran and Rogger, Daniel},
  journal={The Economic Journal},
  volume={128},
  number={608},
  pages={413--446},
  year={2018},
  publisher={Oxford University Press Oxford, UK}
}
@article{robb2014,
  title={The capital structure decisions of new firms},
  author={Robb, Alicia M and Robinson, David T},
  journal={The Review of Financial Studies},
  volume={27},
  number={1},
  pages={153--179},
  year={2014},
  publisher={Oxford University Press}
}

@article{ruigrok2007,
  title={Nationality and gender diversity on Swiss corporate boards},
  author={Ruigrok, Winfried and Peck, Simon and Tacheva, Sabina},
  journal={Corporate governance: an international review},
  volume={15},
  number={4},
  pages={546--557},
  year={2007},
  publisher={Wiley Online Library}
}

@article{shore2009,
  title={Diversity in organizations: Where are we now and where are we going?},
  author={Shore, Lynn M and Chung-Herrera, Beth G and Dean, Michelle A and Ehrhart, Karen Holcombe and Jung, Don I and Randel, Amy E and Singh, Gangaram},
  journal={Human resource management review},
  volume={19},
  number={2},
  pages={117--133},
  year={2009},
  publisher={Elsevier}
}

%The following reference is for a webpage.
@online{Refinitiv,
  title = {THE REFINITIV BUSINESS CLASSIFICATION},
  url = {https://www.refinitiv.cn/content/dam/marketing/en_us/documents/methodology/trbc-business-classifcation-methodology.pdf},
  urldate = {2020-09-01},
  year = 2020,
  month = Sep
}

@article{webber2001,
  title={Impact of highly and less job-related diversity on work group cohesion and performance: A meta-analysis},
  author={Webber, Sheila Simsarian and Donahue, Lisa M},
  journal={Journal of management},
  volume={27},
  number={2},
  pages={141--162},
  year={2001},
  publisher={Elsevier}
}

@article{wegge2008,
  title={Age and gender diversity as determinants of performance and health in a public organization: the role of task complexity and group size.},
  author={Wegge, J{\"u}rgen and Roth, Carla and Neubach, Barbara and Schmidt, Klaus-Helmut and Kanfer, Ruth},
  journal={Journal of Applied Psychology},
  volume={93},
  number={6},
  pages={1301},
  year={2008},
  publisher={American Psychological Association}
}

%This is your bibliography file.
%It can be edited with a text editor, or with the BibTeX editor.
%It is in a very specific format, so make changes carefully.

%The following reference is for a webpage.
@online{schroeder2012,
  title = {Facebook Hits One Billion Active Users},
  url = {http://mashable.com/2012/10/04/facebook-one-billion/},
  abstract = {Facebook just officially reached one billion active users, Facebook {CEO} and co-founder Mark Zuckerberg has announced.},
  urldate = {2013-07-17},
  journal = {Mashable},
  author = {Schroeder, Stan},
  year = 2012,
  month = oct
}

@article{ak00,
author = {Akerlof, G. A. and Kranton, R. E.},
journal = {The Quarterly Journal of Economics},
number = {3},
pages = {715-753},
title = {Economics and Identity},
volume = {115},
year = {2000},
}

@article{angeli2023,
  title={Expected Discrimination and Job Search},
  author={Angeli, Deivis and Matavelli, Ieda and Secco, Fernando},
  year={2023}

}@article{angelovski2016,
  title={Hiring and escalation bias in subjective performance evaluations: A laboratory experiment},
  author={Angelovski, Andrej and Brandts, Jordi and Sola, Carles},
  journal={Journal of Economic Behavior \& Organization},
  volume={121},
  pages={114--129},
  year={2016},
  publisher={Elsevier}
}


@article{aksoy2023,
  title={Sexual identity, gender, and anticipated discrimination in prosocial behavior},
  author={Aksoy, Billur and Chadd, Ian and Koh, Boon Han},
  journal={European Economic Review},
  volume={154},
  pages={104427},
  year={2023},
  publisher={Elsevier}
}

@incollection{aronson1998,
  title={Stereotype threat and the academic underperformance of minorities and women},
  author={Aronson, Joshua and Quinn, Diane M and Spencer, Steven J},
  booktitle={Prejudice},
  pages={83--103},
  year={1998},
  publisher={Elsevier}
}

@article{bargh1982,
  title={Automatic information processing and social perception: the influence of trait information presented outside of conscious awareness on impression formation.},
  author={Bargh, John A and Pietromonaco, Paula},
  journal={Journal of personality and Social psychology},
  volume={43},
  number={3},
  pages={437},
  year={1982},
  publisher={American Psychological Association}
}

@article{bedard2019,
  title={Does the response to competition depend on perceived ability? Evidence from a classroom experiment},
  author={Bedard, Kelly and Fischer, Stefanie},
  journal={Journal of Economic Behavior \& Organization},
  volume={159},
  pages={146--166},
  year={2019},
  publisher={Elsevier}
}

@article{bordalo2019beliefs,
  title={Beliefs about gender},
  author={Bordalo, Pedro and Coffman, Katherine and Gennaioli, Nicola and Shleifer, Andrei},
  journal={American Economic Review},
  volume={109},
  number={3},
  pages={739--773},
  year={2019},
  publisher={American Economic Association 2014 Broadway, Suite 305, Nashville, TN 37203}
}

@misc{b21,
  title = {Labor force characteristics by race and ethnicity, 2020},
  howpublished = {\url{https://www.bls.gov/opub/reports/race-and-ethnicity/2020/home.htm}},
  year={2020},
  note = {Accessed: 2021-10-30}
}

@article{bertrand2004,
  title={Are Emily and Greg more employable than Lakisha and Jamal? A field experiment on labor market discrimination},
  author={Bertrand, Marianne and Mullainathan, Sendhil},
  journal={American economic review},
  volume={94},
  number={4},
  pages={991--1013},
  year={2004},
  publisher={American Economic Association}
}

@article{bertrand2016,
  title={Field Experiments on Discrimination},
  author={Bertrand, Marianne and Duflo, Esther},
  journal={NBER Working Papers},
  number={22014},
  year={2016},
  publisher={National Bureau of Economic Research, Inc}
}

@article{carpenter2010,
  title={Tournaments and office politics: Evidence from a real effort experiment},
  author={Carpenter, Jeffrey and Matthews, Peter Hans and Schirm, John},
  journal={American Economic Review},
  volume={100},
  number={1},
  pages={504--517},
  year={2010},
  publisher={American Economic Association}
}

@article{charness2020,
  title={Anticipated discrimination, choices, and performance: Experimental evidence},
  author={Charness, Gary and Cobo-Reyes, Ram{\'o}n and Meraglia, Simone and S{\'a}nchez, {\'A}ngela},
  journal={European Economic Review},
  volume={127},
  pages={103473},
  year={2020},
  publisher={Elsevier}
}

@article{charness2020social,
  title={Social identity, group behavior, and teams},
  author={Charness, Gary and Chen, Yan},
  journal={Annual Review of Economics},
  volume={12},
  pages={691--713},
  year={2020},
  publisher={Annual Reviews}
}

@article{doering2023,
  title={’Was It Me or Was It Gender Discrimination?’How Women Respond to Ambiguous Incidents at Work},
  author={Doering, Laura and Doering, Jan and Tilcsik, Andr{\'a}s},
  journal={Sociological Science},
  volume={10},
  pages={501--533},
  year={2023}
}

@article{dutcher2015,
  title={Is' Real'Effort More Real?},
  author={Dutcher, Glenn and Salmon, Tim and Saral, Krista J},
  journal={Available at SSRN 2701793},
  year={2015}
}

@article{eg05,
 author={Eckel, Catherine C and Grossman, Philip J},
journal = {Journal of Economic Behavior and Organization},
number = {3},
pages = {371-392},
title = {Managing diversity by creating team identity},
volume = {58},
year = {2005},
}

@article{eckel2008,
  title={Forecasting risk attitudes: An experimental study using actual and forecast gamble choices},
  author={Eckel, Catherine C and Grossman, Philip J},
  journal={Journal of Economic Behavior \& Organization},
  volume={68},
  number={1},
  pages={1--17},
  year={2008},
  publisher={Elsevier}
}

@article{gill2012,
  title={A structural analysis of disappointment aversion in a real effort competition},
  author={Gill, David and Prowse, Victoria},
  journal={American Economic Review},
  volume={102},
  number={1},
  pages={469--503},
  year={2012},
  publisher={American Economic Association}
}

@article{goldin2000,
  title={Orchestrating impartiality: The impact of “blind” auditions on female musicians},
  author={Goldin, Claudia and Rouse, Cecilia},
  journal={American economic review},
  volume={90},
  number={4},
  pages={715--741},
  year={2000},
  publisher={American Economic Association}
}

@article{jones2016,
  title={Not so subtle: A meta-analytic investigation of the correlates of subtle and overt discrimination},
  author={Jones, Kristen P and Peddie, Chad I and Gilrane, Veronica L and King, Eden B and Gray, Alexis L},
  journal={Journal of management},
  volume={42},
  number={6},
  pages={1588--1613},
  year={2016},
  publisher={Sage Publications Sage CA: Los Angeles, CA}
}

@article{karni2009,
  title={A mechanism for eliciting probabilities},
  author={Karni, Edi},
  journal={Econometrica},
  volume={77},
  number={2},
  pages={603--606},
  year={2009},
  publisher={Wiley Online Library}
}

@article{prendergast1996,
  title={Favoritism in organizations},
  author={Prendergast, Canice and Topel, Robert H},
  journal={Journal of Political Economy},
  volume={104},
  number={5},
  pages={958--978},
  year={1996},
  publisher={The University of Chicago Press}
}

@article{vdurinik2023,
  title={Promotions and Group Identity},
  author={{\v{D}}urin{\'\i}k, Michal and Morita, Hodaka and Serv{\'a}tka, Maro{\v{s}} and Zhang, Le},
  journal={Available at SSRN 4656482},
  year={2023}
}

@article{ruebeck2023,
  title={Perceived discrimination at work},
  author={Ruebeck, Hannah},
  year={2023}
}













