%This is your bibliography file.
%It can be edited with a text editor, or with the BibTeX editor.
%It is in a very specific format, so make changes carefully.

%The following reference is for a webpage.
@online{schroeder2012,
  title = {Facebook Hits One Billion Active Users},
  url = {http://mashable.com/2012/10/04/facebook-one-billion/},
  abstract = {Facebook just officially reached one billion active users, Facebook {CEO} and co-founder Mark Zuckerberg has announced.},
  urldate = {2013-07-17},
  journal = {Mashable},
  author = {Schroeder, Stan},
  year = 2012,
  month = oct
}

@article{ak00,
author = {Akerlof, G. A. and Kranton, R. E.},
journal = {The Quarterly Journal of Economics},
number = {3},
pages = {715-753},
title = {Economics and Identity},
volume = {115},
year = {2000},
}

@article{angeli2023,
  title={Expected Discrimination and Job Search},
  author={Angeli, Deivis and Matavelli, Ieda and Secco, Fernando},
  year={2023}

}@article{angelovski2016,
  title={Hiring and escalation bias in subjective performance evaluations: A laboratory experiment},
  author={Angelovski, Andrej and Brandts, Jordi and Sola, Carles},
  journal={Journal of Economic Behavior \& Organization},
  volume={121},
  pages={114--129},
  year={2016},
  publisher={Elsevier}
}


@article{aksoy2023,
  title={Sexual identity, gender, and anticipated discrimination in prosocial behavior},
  author={Aksoy, Billur and Chadd, Ian and Koh, Boon Han},
  journal={European Economic Review},
  volume={154},
  pages={104427},
  year={2023},
  publisher={Elsevier}
}

@incollection{aronson1998,
  title={Stereotype threat and the academic underperformance of minorities and women},
  author={Aronson, Joshua and Quinn, Diane M and Spencer, Steven J},
  booktitle={Prejudice},
  pages={83--103},
  year={1998},
  publisher={Elsevier}
}

@article{bargh1982,
  title={Automatic information processing and social perception: the influence of trait information presented outside of conscious awareness on impression formation.},
  author={Bargh, John A and Pietromonaco, Paula},
  journal={Journal of personality and Social psychology},
  volume={43},
  number={3},
  pages={437},
  year={1982},
  publisher={American Psychological Association}
}

@article{bedard2019,
  title={Does the response to competition depend on perceived ability? Evidence from a classroom experiment},
  author={Bedard, Kelly and Fischer, Stefanie},
  journal={Journal of Economic Behavior \& Organization},
  volume={159},
  pages={146--166},
  year={2019},
  publisher={Elsevier}
}

@article{bordalo2019beliefs,
  title={Beliefs about gender},
  author={Bordalo, Pedro and Coffman, Katherine and Gennaioli, Nicola and Shleifer, Andrei},
  journal={American Economic Review},
  volume={109},
  number={3},
  pages={739--773},
  year={2019},
  publisher={American Economic Association 2014 Broadway, Suite 305, Nashville, TN 37203}
}

@misc{b21,
  title = {Labor force characteristics by race and ethnicity, 2020},
  howpublished = {\url{https://www.bls.gov/opub/reports/race-and-ethnicity/2020/home.htm}},
  year={2020},
  note = {Accessed: 2021-10-30}
}

@article{bertrand2004,
  title={Are Emily and Greg more employable than Lakisha and Jamal? A field experiment on labor market discrimination},
  author={Bertrand, Marianne and Mullainathan, Sendhil},
  journal={American economic review},
  volume={94},
  number={4},
  pages={991--1013},
  year={2004},
  publisher={American Economic Association}
}

@article{bertrand2016,
  title={Field Experiments on Discrimination},
  author={Bertrand, Marianne and Duflo, Esther},
  journal={NBER Working Papers},
  number={22014},
  year={2016},
  publisher={National Bureau of Economic Research, Inc}
}

@article{carpenter2010,
  title={Tournaments and office politics: Evidence from a real effort experiment},
  author={Carpenter, Jeffrey and Matthews, Peter Hans and Schirm, John},
  journal={American Economic Review},
  volume={100},
  number={1},
  pages={504--517},
  year={2010},
  publisher={American Economic Association}
}

@article{charness2020,
  title={Anticipated discrimination, choices, and performance: Experimental evidence},
  author={Charness, Gary and Cobo-Reyes, Ram{\'o}n and Meraglia, Simone and S{\'a}nchez, {\'A}ngela},
  journal={European Economic Review},
  volume={127},
  pages={103473},
  year={2020},
  publisher={Elsevier}
}

@article{charness2020social,
  title={Social identity, group behavior, and teams},
  author={Charness, Gary and Chen, Yan},
  journal={Annual Review of Economics},
  volume={12},
  pages={691--713},
  year={2020},
  publisher={Annual Reviews}
}

@article{doering2023,
  title={’Was It Me or Was It Gender Discrimination?’How Women Respond to Ambiguous Incidents at Work},
  author={Doering, Laura and Doering, Jan and Tilcsik, Andr{\'a}s},
  journal={Sociological Science},
  volume={10},
  pages={501--533},
  year={2023}
}

@article{dutcher2015,
  title={Is' Real'Effort More Real?},
  author={Dutcher, Glenn and Salmon, Tim and Saral, Krista J},
  journal={Available at SSRN 2701793},
  year={2015}
}

@article{eg05,
 author={Eckel, Catherine C and Grossman, Philip J},
journal = {Journal of Economic Behavior and Organization},
number = {3},
pages = {371-392},
title = {Managing diversity by creating team identity},
volume = {58},
year = {2005},
}

@article{eckel2008,
  title={Forecasting risk attitudes: An experimental study using actual and forecast gamble choices},
  author={Eckel, Catherine C and Grossman, Philip J},
  journal={Journal of Economic Behavior \& Organization},
  volume={68},
  number={1},
  pages={1--17},
  year={2008},
  publisher={Elsevier}
}

@article{gill2012,
  title={A structural analysis of disappointment aversion in a real effort competition},
  author={Gill, David and Prowse, Victoria},
  journal={American Economic Review},
  volume={102},
  number={1},
  pages={469--503},
  year={2012},
  publisher={American Economic Association}
}

@article{goldin2000,
  title={Orchestrating impartiality: The impact of “blind” auditions on female musicians},
  author={Goldin, Claudia and Rouse, Cecilia},
  journal={American economic review},
  volume={90},
  number={4},
  pages={715--741},
  year={2000},
  publisher={American Economic Association}
}

@article{jones2016,
  title={Not so subtle: A meta-analytic investigation of the correlates of subtle and overt discrimination},
  author={Jones, Kristen P and Peddie, Chad I and Gilrane, Veronica L and King, Eden B and Gray, Alexis L},
  journal={Journal of management},
  volume={42},
  number={6},
  pages={1588--1613},
  year={2016},
  publisher={Sage Publications Sage CA: Los Angeles, CA}
}

@article{karni2009,
  title={A mechanism for eliciting probabilities},
  author={Karni, Edi},
  journal={Econometrica},
  volume={77},
  number={2},
  pages={603--606},
  year={2009},
  publisher={Wiley Online Library}
}

@article{prendergast1996,
  title={Favoritism in organizations},
  author={Prendergast, Canice and Topel, Robert H},
  journal={Journal of Political Economy},
  volume={104},
  number={5},
  pages={958--978},
  year={1996},
  publisher={The University of Chicago Press}
}

@article{vdurinik2023,
  title={Promotions and Group Identity},
  author={{\v{D}}urin{\'\i}k, Michal and Morita, Hodaka and Serv{\'a}tka, Maro{\v{s}} and Zhang, Le},
  journal={Available at SSRN 4656482},
  year={2023}
}

@article{ruebeck2023,
  title={Perceived discrimination at work},
  author={Ruebeck, Hannah},
  year={2023}
}